@Article{bartholdi,
    author =       "Bartholdi, III, J. and C. Tovey and M. Trick",
    title =        "Voting Schemes for Which it Can Be Difficult to Tell Who Won The Election",
    journal =      "Social Choice and Welfare",
    year =         "1989",
    volume =       "6",
    number =       "2",
    pages =        "157--165"
}

@Article{bartholdi2,
    author =       "Bartholdi, III, J. and C. Tovey and M. Trick",
    title =        "How hard is it to control an election?",
    journal =      "Mathematical and Computer Modeling",
    volume =       "16",
    number =       "8--9",
    pages =        "27--40",
    year =         "1992"
}

@Article{bartholdi3,
    author =       "Bartholdi, III, J. and C. Tovey and M. Trick",
    title =        "The computational difficulty of ma\-ni\-pu\-la\-ting an election",
    journal =      "Social Choice and Welfare",
    year =         "1989",
    volume =       "6",
    number =       "3",
    pages =        "227--241"
}

@Article{hemaspaandra,
    author =       "E. Hemaspaandra and L. Hemaspaandra and J. Rothe",
    title =        "Anyone but him: The complexity of precluding an alternative",
    journal =      "Artificial Intelligence",
    volume =       "171",
    number =       "5--6",
    pages =        "255--285",
    year =         "2007"
}

@Article{tideman,
    author =       "T. Tideman",
    title =        "Independence of Clones as a Criterion for Voting Rules",
    journal =      "Social Choice and Welfare",
    year =         "1987",
    volume =       "4",
    number =       "3",
    pages =        "185--206"
}

@InProceedings{elkind,
    author =       "E. Elkind and P. Faliszewski and A. Slinko",
    title =        "Cloning in Elections",
    booktitle =    "Proceedings of the 24th AAAI Conference on Artificial Intelligence",
    publisher =    "AAAI Press",
    year =         "2010",
    pages =        "768--773"
}

@InCollection{faliszewski,
    author =       "P. Faliszewski and E. Hemaspaandra and L. Hemaspaandra and J. Rothe",
    title =        "A richer understanding of the complexity of election systems",
    booktitle =    "Fundamental Problems in Computing: Essays in Honor of Professor Daniel J. Rosenkrantz",
    pages =        "375--406",
    publisher =    "Springer",
    year =         "2009",
    editor =       "S. Ravi and S. Shukla"
}

@Article{faliszewski2,
    author =       "P. Faliszewski and E. Hemaspaandra and L. Hemaspaandra",
    title =        "Using complexity to protect elections",
    journal =      "Communications of the ACM",
    volume =       "53",
    number =       "11",
    pages =        "74--82",
    year =         "2010"
}

@Book{papadimitriou,
    author =       "C. H. Papadimitriou",
    title =        "Computational Complexity",
    publisher =    "Addison-Wesley",
    year =         "1994"
}

@Book{dodgson,
    author =       "C. Dodgson",
    title =        "A method of taking votes on more than two issues",
    note =         "Pamphlet printed by the Clarendon Press, Oxford, and headed ``not yet published''",
    year =         "1876"
}

@Article{hemaspaandra2,
    author =       "E. Hemaspaandra and L. Hemaspaandra and J. Rothe",
    title =        "Exact analysis of {D}odgson elections: {L}ewis {C}aroll's 1876 voting system is complete for parallel access to \textnormal{NP}",
    journal =      "Journal of the ACM",
    volume =       "44",
    number =       "6",
    pages =        "806--825",
    year =         "1997"
}

@Article{valiant,
    author =       "L. Valiant",
    title =        "The complexity of computing the permanent",
    journal =      "Theoretical Computer Science",
    volume =       "8",
    number =       "2",
    pages =        "189--201",
    year =         "1979"
}

@Article{zanko,
    author =       "V. Zank\'o",
    title =        "\textnormal{\#}{P}-completeness via many-one reductions",
    journal =      "International Journal of Foundations of Computer Science",
    volume =       "2",
    number =       "1",
    pages =        "76--82",
    year =         "1991"
}

@Article{krentel,
    author =       "M. Krentel",
    title =        "The complexity of optimization problems",
    journal =      "Journal of Computer and System Sciences",
    volume =       "36",
    number =       "3",
    pages =        "490--509",
    year =         "1988"
}

@Article{faliszewski3,
    author =       "P. Faliszewski and E. Hemaspaandra and L. Hemaspaandra",
    title =        "Multimode Control Attacks on Elections",
    journal =      "Journal of AI Research",
    volume =       "40",
    pages =        "305--351",
    year =         "2011"
}

@InProceedings{ephrati,
    author =       "E. Ephrati and J. Rosenschein",
    title =        "Multi-Agent Planning as a Dynamic Search for Social Consensus",
    booktitle =    "Proceedings of the 13th International Joint Conference on Artificial Intelligence",
    year =         "1993",
    pages =        "423--429",
    publisher =    "Morgan Kaufmann"
}

@InProceedings{dwork,
    author =       "C. Dwork and R. Kumar and M. Naor and D. Sivakumar",
    title =        "Rank aggregation methods for the {W}eb",
    booktitle =    "Proceedings of the 10th International World Wide Web Conference",
    pages =        "613--622",
    year =         "2001",
    publisher =    "ACM Press"
}

@InProceedings{ghosh,
    author =       "S. Ghosh and M. Mundhe and K. Hernandez and S. Sen",
    title =       "Voting for Movies: {T}he Anatomy of a Recommender System",
    year =         "1999",
    booktitle =    "Proceedings of the 3rd Annual Conference on Autonomous Agents",
    publisher =    "ACM Press",
    pages =        "434--435"
}

@InProceedings{faliszewski4,
    author =       "P. Faliszewski and K. Wojtas",
    title =        "Possible Winners in Noisy Elections",
    booktitle =    "IJCAI Workshop on Social Choice and Artificial Intelligence",
    year =         "2011",
    month =        "August"
}

@Book{garey,
    author =       "M. Garey and D. Johnson",
    title =        "Computers and Intractability: {A} Guide to the Theory of \textnormal{NP}-Completeness",
    publisher =    "W. H. Freeman and Company",
    year =         "1990"
}

@Article{hemaspaandra3,
    author =       "E. Hemaspaandra and H. Spakowski and J. Vogel",
    title =        "The Complexity of {K}emeny Elections",
    journal =      "Theoretical Computer Science",
    volume =       "349",
    number =       "3",
    year =         "2005",
    pages =        "382--391"
}

@Article{rothe,
    author =       "J. Rothe and H. Spakowski and J. Vogel",
    title =        "Exact Complexity of the Winner Problem for {Y}oung Elections",
    journal =      "Theory of Computing Systems",
    volume =       "36",
    number =       "4",
    pages =        "375--386",
    year =         "2003"
}

@Article{fortnow,
    author =       "L. Fortnow",
    title =        "The status of the \textnormal{P} versus \textnormal{NP} problem",
    journal =      "Communications of the ACM",
    volume =       "52",
    number =       "9",
    pages =        "78--86",
    year =         "2009"
}

@Article{conitzer,
    author =       "V. Conitzer and T. Sandholm and J. Lang",
    title =        "When Are Elections with Few Candidates Hard to Manipulate?",
    journal =      "Journal of the ACM",
    volume =       "54",
    number =       "3",
    pages =        "1--33",
    year =         "2007"
}

@InProceedings{conitzer2,
    author =       "V. Conitzer and T. Sandholm",
    title =        "Universal Voting Protocol Tweaks to Make Manipulation Hard",
    booktitle =    "Proceedings of the 18th International Joint Conference on Artificial Intelligence",
    year =         "2003",
    pages =        "781--788",
    publisher =    "Morgan Kaufmann"
}

@Article{hemaspaandra4,
    author =       "E. Hemaspaandra and L. Hemaspaandra",
    title =        "Dichotomy for Voting Systems",
    journal =      "Journal of Computer and System Sciences",
    volume =       "73",
    number =       "1",
    pages =        "73--83",
    year =         "2007"
}

@Article{faliszewski5,
    author =       "P. Faliszewski and E. Hemaspaandra and L. Hemaspaandra",
    title =        "How Hard is Bribery in Elections?",
    journal =      "Journal of Artificial Intelligence Research",
    year =         "2009",
    volume =       "35",
    number =       "1",
    pages =        "485--532"
}

@Article{hemaspaandra5,
    author =       "E. Hemaspaandra and L. Hemaspaandra and J. Rothe",
    title =        "Hybrid Elections Broaden Complexity-Theoretic Resistance to Control",
    year =         "2009",
    volume =       "55",
    number =       "4",
    pages =        "397--424",
    journal =      "Mathematical Logic Quarterly"
}

@InProceedings{konczak,
    author =       "K. Konczak and J. Lang",
    title =        "Voting Procedures with Incomplete Preferences",
    pages =        "124--129",
    year =         "2005",
    booktitle =    "JCAI-05 Workshop on Advances in Preference Handling"
}

@InProceedings{xia,
    author =       "L. Xia and V. Conitzer",
    title =        "Determining Possible and Necessary Winners under Common Voting Rules Given Partial Orders",
    pages =        "196--201",
    year =         "2008",
    booktitle =    "Proceedings of the 23rd AAAI Conference on Artificial Intelligence",
    publisher =    "AAAI Press"
}

@InProceedings{betzler,
    author =       "N. Betzler and B. Dorn",
    title =        "Towards a Dichotomy of Finding Possible Winners in Elections Based on Scoring Rules",
    booktitle =    "Mathematical Foundations of Computer Science 2009",
    publisher =    "Springer-Verlag",
    volume =       "5734",
    year =         "2009",
    pages =        "124--136"
}

@Article{agrawal,
    author =       "M. Agrawal and N. Kayal and N. Saxena",
    title =        "\textnormal{PRIMES} is in \textnormal{P}",
    journal =      "Annals of Mathematics",
    volume =       "160",
    number =       "2",
    pages =        "781--793",
    year =         "2004"
}

@Article{faliszewski7,
    author =       "P. Faliszewski and E. Hemaspaandra and L. Hemaspaandra",
    title =        "The Complexity of Manipulative Attacks in Nearly Single-Peaked Electorates",
    journal =      "CoRR",
    volume =       "abs/1105.5032",
    year =         "2011"
}

@Article{gibbard,
    author =       "A. Gibbard",
    title =        "Manipulation of Voting Schemes",
    journal =      "Econometrica",
    pages =        "587--601",
    year =         "1973",
    volume =       "41",
    number =       "4"
}

@Article{faliszewski8,
    author =       "P. Faliszewski and A. Procaccia",
    title =        "{AI}'s War on Manipulation: {A}re We Winning?",
    journal =      "AI Magazine",
    pages =        "53--64",
    year =         "2010",
    volume =       "31",
    number =       "4"
}

@Article{faliszewski9,
    author =       "P. Faliszewski and E. Hemaspaandra and L. Hemaspaandra",
    title =        "How Hard is Bribery in Elections?",
    journal =      "Journal of Artificial Intelligence Research",
    volume =       "35",
    number =       "1",
    month =        "July",
    year =         "2009",
    pages =        "485--532"
}

@Article{faliszewski10,
    author =       "P. Faliszewski and E. Hemaspaandra and L. Hemaspaandra and J. Rothe",
    title =        "Llull and {C}opeland Voting Computationally Resist Bribery and Constructive Control",
    journal =      "Journal of Artificial Intelligence Research",
    volume =       "35",
    number =       "1",
    month =        "June",
    year =         "2009",
    pages =        "275--341"
}

@Article{satterthwaite,
    author =       "M. Satterthwaite",
    title =        "Strategy-Proofness and {A}rrow's Conditions: Existence and Correspondence Theorems for Voting Procedures and Social Welfare Functions",
    journal =      "Journal of Economic Theory",
    pages =        "187--217",
    year =         "1975",
    volume =       "10",
    number =       "2"
}

@Article{faliszewski11,
    author =       "P. Faliszewski and M. Ogihara",
    title =        "On the Autoreducibility of Functions",
    journal =      "Theory of Computing Systems",
    publisher =    "Springer New York",
    pages =        "222--245",
    volume =       "46",
    number =       "2",
    year =         "2010"
}

@Book{arrow,
    editor =       "K. Arrow and A. Sen and K. Suzumura",
    title =        "Handbook of Social Choice and Welfare, Volume 1",
    year =         "2002",
    publisher =    "Elsevier"
}
